@article{example_entry,
	author = {Author, Fancy},
    year = {1234},
	title = {Interesting Paper},
	volume = {65},
	pages = {3--14},
	number = {1},
	journal = {Fancy Venue},
}